@inbook{Abramowitz1972Handbook,
    author = {M. Abramowitz and I. A. Stegun},
    title = {Handbook of Mathematical Functions With Formulas, Graphs, and Mathematical Tables},
    year = {1972},
    chapter = {25.4.29},
    publisher = {Dover Publication},
    isbn = {978-0486612720},
}

@article{Hoppe1992Surface,
    author = {Hoppe, Hugues and DeRose, Tony and Duchamp, Tom and McDonald, John and Stuetzle, Werner},
    title = {Surface Reconstruction from Unorganized Points},
    year = {1992},
    journal = {ACM Special Interest Group on Computer Graphics},
    volume = {26},
    number = {2},
    pages = {71–78},
    doi = {10.1145/142920.134011},
}

@inproceedings{Gabriel1996Compilation,
    author = {Camelia Gabriel},
    title = {Compilation of the Dielectric Properties of Body Tissues at {RF} and Microwave Frequencies},
    year = {1996},
    booktitle = {US Air Force},
    volume = {Final Technical Report},
    pages = {TR-1996–0037},
    doi = {10.21236/ada303903},
}

@article{Kim1997Symemetric,
    author = {Kim, KyoungJoong and Song, ManSuk},
    title = {Symmetric quadrature formulas over a unit disk},
    year = {1997},
    journal = {Korean Journal of Computational \& Applied Mathematics},
    volume = {4},
    number = {},
    pages = {179-192},
    doi = {10.1007/BF03011388},
}

@book{Brekhovskikh1980Waves,
    author = {L. Brekhovskikh},
    title = {Waves in Layered Media, 2nd edition},
    year = {1980},
    publisher = {Academic Press},
    isbn = {978-0323161626}
}

@book{Jackson1998Classical,
    author = {J. D. Jackson},
    title = {Classical Electrodynamics, 3rd edition},
    year = {1998},
    publisher = {Wiley},
    isbn = {978-0471309321}
}

@article{Durney1986Radiofrequency,
    author = {C. H. Durney and H. Massoudi and M. F. Iskander},
    title = {Radio-frequency Radiation Dosimetry Handbook, 4th edition},
    year = {1986},
    journal = {Brooks Air Force Base, TX: USAF School of Aerospace Medicine, Aerospace Medical Division (AFSC)},
}

@article{Bernardini1999The,
    author = {Bernardini, F. and Mittleman, J. and Rushmeier, H. and Silva, C. and Taubin, G.}, 
    title={The ball-pivoting algorithm for surface reconstruction},
    year={1999},
    journal={IEEE Transactions on Visualization and Computer Graphics}, volume={5},
    number={4},
    pages={349-359},
    doi={10.1109/2945.817351},
}

@book{Poljak2006Advanced,
    author = {D. Poljak},
    title = {Advanced Modeling in Computational Electromagnetic Compatibility},
    year = {2006},
    publisher = {Wiley},
    isbn = {978-0470116883}
}

@incollection{Wendland2006Computational,
    title = {Computational Aspects of Radial Basis Function Approximation},
    editor = {Kurt Jetter and Martin D. Buhmann and Werner Haussmann and Robert Schaback and Joachim Stöckler},
    series = {Studies in Computational Mathematics},
    publisher = {Elsevier},
    volume = {12},
    pages = {231-256},
    year = {2006},
    booktitle = {Topics in Multivariate Approximation and Interpolation},
    doi = {10.1016/S1570-579X(06)80010-8},
    author = {Holger Wendland},
}

@article{Katz2007Direct,
    author = {Katz, Sagi and Tal, Ayellet and Basri, Ronen},
    title = {Direct Visibility of Point Sets},
    year = {2007},
    journal = {ACM Transactions on Graphics},
    volume = {26},
    number = {3},
    pages = {24–35},
    doi = {10.1145/1276377.1276407},
}

@inbook{Fasshauer2007Radial,
    author = {Gregory E. Fasshauer},
    title = {Radial Basis Function Interpolation in MATLAB},
    year = {2007},
    booktitle = {Meshfree Approximation Methods with Matlab},
    chapter = {2},
    pages = {17-25},
    publisher = {World Scientific Publishing Co.},
    doi = {10.1142/9789812708632_0002},
}


@article{Sforza2009Age,
    author = {Chiarella Sforza and Gaia Grandi and Miriam Binelli and Davide G. Tommasi and Riccardo Rosati and Virgilio F. Ferrario},
    title = {Age- and sex-related changes in the normal human ear},
    year = {2009},
    journal = {Forensic Science International},
    volume = {187},
    number = {1},
    pages = {110.e1-110.e7},
    doi = {10.1016/j.forsciint.2009.02.019},
}

@article{Klasing2009Comparison,
    author = {Klaas Klasing and Daniel Althoff and Dirk Wollherr and Martin Buss},
    title = {Comparison of Surface Normal Estimation Methods for Range Sensing Applications},
    year = {2009},
    journal = {2009 IEEE International Conference on Robotics and Automation},
    volume = {},
    number = {},
    pages = {3206-3211},
    doi = {10.1109/ROBOT.2009.5152493},
}

@article{Zhuang2010Facial,
    author = {Zhuang, Ziqing and Landsittel, Douglas and Benson, Stacey and Roberge, Raymond and Shaffer, Ronald},
    title = {Facial Anthropometric Differences among Gender, Ethnicity, and Age Groups},
    year = {2010},
    journal = {The Annals of Occupational Hygiene},
    volume = {54},
    number = {4},
    pages = {391-402},
    doi = {10.1093/annhyg/meq007},
}


@article{Zhadobov2011Millimeter,
    author = {Zhadobov, Maxim and Chahat, Nacer and Sauleau, Ronan and Le Quement, Catherine and Le Drean, Yves},
    title = {Millimeter-wave interactions with the human body: state of knowledge and recent advances},
    year = {2011},
    journal = {International Journal of Microwave and Wireless Technologies},
    volume = {3},
    number = {2},
    pages = {237–247},
    doi = {10.1017/S1759078711000122},
}

@article{Li2012Mechanisms,
    author={Li, Chung-Huan and Douglas, Mark and Ofli, Erdem and Chavannes, Nicolas and Balzano, Quirino and Kuster, Niels},
    title={Mechanisms of RF Electromagnetic Field Absorption in Human Hands and Fingers},
    year={2012},
    journal={IEEE Transactions on Microwave Theory and Techniques},
    volume={60},
    number={7},
    pages={2267-2276},
    doi={10.1109/TMTT.2012.2197019},
}

@ARTICLE{Rappaport2013Millimeter,
    author={Rappaport, Theodore S. and Sun, Shu and Mayzus, Rimma and Zhao, Hang and Azar, Yaniv and Wang, Kevin and Wong, George N. and Schulz, Jocelyn K. and Samimi, Mathew and Gutierrez, Felix},
    title={Millimeter Wave Mobile Communications for {5G} Cellular: It Will Work!}, 
    journal={IEEE Access},
    year={2013},
    volume={1},
    number={},
    pages={335-349},
    doi={10.1109/ACCESS.2013.2260813},
}

@article{Andrews2014What,
    author = {Andrews, Jeffrey G. and Buzzi, Stefano and Choi, Wan and Hanly, Stephen V. and Lozano, Angel and Soong, Anthony C. K. and Zhang, Jianzhong Charlie},
    year = {2014},
    journal = {IEEE Journal on Selected Areas in Communications},   title={What Will {5G} Be?},
    volume = {32},
    number = {6},
    pages = {1065-1082},
    doi = {10.1109/JSAC.2014.2328098},
}

@article{Wu2015Safe,
    author = {T. {Wu} and T. S. {Rappaport} and C. M. {Collins}},
    title = {Safe for Generations to Come: Considerations of Safety for Millimeter Waves in Wireless Communications},
    year = {2015},
    journal = {IEEE Microwave Magazine},
    volume = {16},
    number = {2},
    pages = {65-84},
    doi = {10.1109/MMM.2014.2377587},
}

@article{Foster2016Thermal,
    author = {Foster, Kenneth R and Ziskin, Marvin C and Balzano, Quirino},
    title = {Thermal response of human skin to microwave energy: a critical review},
    year = {2016},
    journal = {Health Physics},
    volume = {111},
    number = {6},
    pages = {528-541},
    doi = {10.1097/HP.0000000000000571},
}

@book{Griffiths2017Introduction,
    author = {D. J. Griffiths},
    title = {Introduction to Electrodynamics,  4th Edition},
    year = {2017},
    publisher = {Cambridge University Press},
    isbn = {978-1108420419}
}

@article{Hashimoto2017On,
    author = {Hashimoto, Yota and Hirata, Akimasa and Morimoto, Ryota and Aonuma, Shinta and Laakso, Ilkka and Jokela, Kari and Foster, Kenneth},
    title = {On the averaging area for incident power density for human exposure limits at frequencies over 6 {GHz}},
    year = {2017},
    journal = {Physics in Medicine \& Biology},
    volume = {62},
    number = {8},
    pages = {3124-3138},
    doi = {10.1088/1361-6560/aa5f21},
}

@article{Foster2017Thermal,
    author = {Foster, K. R. and Ziskin, M. C. and Balzano, Q.},
    title = {Thermal Modeling for the Next Generation of Radio-frequency Exposure Limits: Commentary},
    year = {2017},
    journal = {Health physics},
    volume = {113},
    number = {1},
    pages = {41–53},
    doi = {10.1097/HP.0000000000000671},
}

@article{Carrasco2019Exposure,
    author={Eduardo Carrasco and Davide Colombi and Kenneth R. Foster and Marvin Ziskin and Quirino Balzano},
    title={Exposure assessment of portable wireless devices above 6 {GHz}},
    year={2019},
    journal={Radiation Protection Dosimetry},
    volume={183},
    number={4},
    pages={489-496},
    doi={10.1093/rpd/ncy177},
}

@article{Poljak2018On,
    author={Poljak, Dragan and Cvetković, Mario and Bottauscio, Oriano and Hirata, Akimasa and Laakso, Ilkka and Neufeld, Esra and Reboux, Sylvain and Warren, Craig and Giannopoulos, Antonios and Costen, Fumie},
    title={On the Use of Conformal Models and Methods in Dosimetry for Nonuniform Field Exposure},
    year={2018},
    journal={IEEE Transactions on Electromagnetic Compatibility},
    volume={60}, 
    number={2},
    pages={328-337},
    doi = {10.1109/TEMC.2017.2723459}
}

@article{He2018RF,
    author = {He, Wang and Xu, Bo and Gustafsson, Mats and Ying, Zhinong and He, Sailing},
    title = {{RF} Compliance Study of Temperature Elevation in Human Head Model Around 28 {GHz} for {5G} User Equipment Application: Simulation Analysis},   year={2018},
    journal = {IEEE Access},
    volume = {6},
    number = {},
    pages = {830-838},
    doi = {10.1109/ACCESS.2017.2776145},
}

@article{Funahashi2018Averaging,
    author = {Funahashi, Daisuke and Ito, Takahiro and Hirata, Akimasa and Iyama, Takahiro and Onishi, Teruo},
    title = {Averaging Area of Incident Power Density for Human Exposure from Patch Antenna Arrays},
    year = {2018},
    journal = {IEICE Transactions on Electronics},
    volume = {E101.C},
    number = {8},
    pages = {644-646},
    doi = {10.1587/transele.E101.C.644},
}

@ARTICLE{Funahashi2018Area-Averaged,
    author={Funahashi, Daisuke and Hirata, Akimasa and Kodera, Sachiko and Foster, Kenneth R.},
    title={Area-Averaged Transmitted Power Density at Skin Surface as Metric to Estimate Surface Temperature Elevation},
    year={2018},
    journal={IEEE Access},
    volume={6},
    number={},
    doi = {10.1109/ACCESS.2018.2883733},
    pages={77665-77674},
}

@article{Hirata2018Review,
    author = {Akimasa Hirata},
    title = {Review on Human Dosimetry for Radio-Frequency Exposure Above 6 {GHz} - International Exposure Standards},
    year = {2018},
    journal = {2018 Asia-Pacific Microwave Conference},
    pages = {681-683},
    doi = {10.23919/APMC.2018.8617491},
}

@article{Kodera2018Temperature,
    author = {Kodera, Sachiko and Gomez-Tames, Jose and Hirata, Akimasa},
    title = {Temperature elevation in the human brain and skin with thermoregulation during exposure to {RF} energy},
    year = {2018},
    journal = {BioMedical Engineering OnLine},
    number = {17},
    doi = {10.1186/s12938-017-0432-x},
}

@article{Foster2018Thermal,
    author = {K. R. {Foster} and M. C. {Ziskin} and Q. {Balzano} and A. {Hirata}},
    title = {Thermal Analysis of Averaging Times in Radio-Frequency Exposure Limits Above 1 {GHz}},
    year = {2018},
    journal = {IEEE Access},      
    volume = {6},
    pages = {74536-74546},
    doi = {10.1109/ACCESS.2018.2883175},
}

@article{Foster2018Modeling,
    author = {Foster, K. R. and Ziskin, M. C. and Balzano, Q. and Bit-Babik, G.},
    title = {Modeling Tissue Heating From Exposure to Radio-frequency Energy and Relevance of Tissue Heating to Exposure Limits: Heating Factor},
    year = {2018},
    journal = {Health physics},      
    volume = {115},
    number = {2},
    pages = {295–307},
    doi = {10.1097/HP.0000000000000854},
}

@article{Ziskin2018Tissue,
    author = {Ziskin, M. C. and Alekseev, S. I. and Foster, K. R. and Balzano, Q.},
    title = {Tissue models for {RF} exposure evaluation at frequencies above 6 {GHz}},
    year = {2018},
    journal = {Bioelectromagnetics},      
    volume = {39},
    number = {3},
    pages = {173–189},
    doi = {10.1002/bem.22110},
}

@INPROCEEDINGS{Ben-Shabat2019Nesti-Net,
    author={Ben-Shabat, Yizhak and Lindenbaum, Michael and Fischer, Anath},
    booktitle={2019 IEEE/CVF Conference on Computer Vision and Pattern Recognition (CVPR)},
    title={Nesti-Net: Normal Estimation for Unstructured {3D} Point Clouds Using Convolutional Neural Networks},
    year={2019},
    volume={},
    number={},
    pages={10104-10112},  doi={10.1109/CVPR.2019.01035}}

@online{GSA2019LTE,
    author = {GSA},
    title = {{LTE} and {5G} Market Statistics – 8 April 2019},
    year = {2019},
    url = {https://gsacom.com/paper/lte-5g-market-statistics-8-april-2019/},
    urldate = {2022-06-16}
}

@article{IEEE2019Standard,  
    author = {},
    title = {{IEEE} Standard for Safety Levels with Respect to Human Exposure to Electric, Magnetic, and Electromagnetic Fields, 0 {Hz} to 300 {GHz}},
    year = {2019},
    journal = {{IEEE Std C95.1-2019 (Revision of IEEE Std C95.1-2005/ Incorporates IEEE Std C95.1-2019/Cor 1-2019)}},
    pages = {1-312},
    doi = {10.1109/IEEESTD.2019.8859679},
}

@article{Hirata2019Setting,  
    author = {Akimasa Hirata and Daisuke Funahashi and Sachiko Kodera},
    title = {Setting exposure guidelines and product safety standards for radio-frequency exposure at frequencies above 6 {GHz}: {brief} review},
    year = {2019},
    journal = {Annals of Telecommunications},
    volume = {74},
    pages = {17-24},
    doi = {10.1007/s12243-018-0683-y},
}

@inproceedings{Poljak2020Assessment,
    author={Poljak, Dragan and Cvetković, Mario},
    title={Assessment of Absorbed Power Density ({S\textsubscript{ab}}) at the Surface of Flat Lossy Medium in {GHz} Frequency Range: A case of {Hertz} dipole},
    year={2020},
    booktitle={5th International Conference on Smart and Sustainable Technologies},
    pages={1-4},doi={10.23919/SpliTech49282.2020.9243751}
}

@article{Christ2020Limitations,
    author = {Christ, A. and Samaras, T. and Neufeld, E. and Kuster, N.},
    title = {Limitations of Incident Power Density as a Proxy for Induced Electromagnetic Fields},
    year = {2020},
    journal = {Bioelectromagnetics},
    volume = {41},
    pages = {348-359},
    doi = {10.1002/bem.22268},
}

@article{ICNIRP2020Guidelines,
    author = {{International Commission on Non-Ionizing Radiation Protection (ICNIRP)}},
    title = {Guidelines for Limiting Exposure to Electromagnetic Fields {(100 kHz to 300 GHz)}},
    year = {2020},
    journal = {Health Physics},
    volume = {118},
    pages = {483-524},
    doi = {10.1097/HP.0000000000001210},
}

@article{Foster2020Transient,
    author = {K. R. {Foster} and M. C. {Ziskin} and Q. {Balzano} and A. {Hirata}},
    title = {Transient Thermal Responses of Skin to Pulsed Millimeter Waves},
    year = {2020},
    journal = {IEEE Access},
    volume = {8},
    pages = {130239-130251},
    doi = {10.1109/ACCESS.2020.3008322},
}

@article{Diao2020Assessment,
    author = {Diao, Yinliang and Rashed, Essam A. Rashed and Hirata, Akimasa},
    title = {Assessment of absorbed power density and temperature rise for nonplanar body model under electromagnetic exposure above 6 {GHz}},
    year = {2020},
    journal = {Physics in medicine \& biology},
    volume = {65},
    number = {22},
    pages = {224001},
    doi = {10.1088/1361-6560/abbdb7},
}

@article{He2020Implications,
    author={He, Wang and Xu, Bo and Yao, Yuanqing and Colombi, Davide and Ying, Zhinong and He, Sailing},
    title = {Implications of Incident Power Density Limits on Power and EIRP Levels of {5G} Millimeter-Wave User Equipment},
    year = {2020},
    journal = {IEEE Access},
    volume = {8},
    number = {},
    pages = {148214-148225},
    doi = {10.1109/ACCESS.2020.3015231},
}

@article{Nakae2020Skin,
    author = {Nakae, Takuma and Funahashi, Daisuke and Higashiyama, Junji and Onishi, Teruo and Hirata, Akimasa},
    journal = {IEEE Access},
    title = {Skin Temperature Elevation for Incident Power Densities From Dipole Arrays at 28 {GHz}},
    year = {2020},
    volume = {8},
    number = {},
    pages = {26863-26871},
    doi = {10.1109/ACCESS.2020.2970219},   
}

@article{Ziane2020Antenna,
    AUTHOR = {Ziane, Massinissa and Sauleau, Ronan and Zhadobov, Maxim},
    TITLE = {Antenna/Body Coupling in the Near-Field at 60 {GHz}: Impact on the Absorbed Power Density},
    JOURNAL = {Applied Sciences},
    VOLUME = {10},
    YEAR = {2020},
    NUMBER = {21},
    article-number = {7392},
    DOI = {10.3390/app10217392},
}

@article{Sacco2021Assessment,
    author={Sacco, G and Pisa, S amd Zhadobov, M},
    title={Age-dependence of electromagnetic power and heat deposition in near-surface tissues in emerging {5G} bands},
    year={2021},
    journal={Scientific Reports },
    volume={11},
    number={},
    pages={3983},
    doi={10.1038/s41598-021-82458-z},
}

@article{Hirata2021Assessment,
     author={Hirata, Akimasa and Diao, Yinliang and Onishi, Teruo and Sasaki, Kensuke and Ahn, Seungyoung and Colombi, Davide and De Santis, Valerio and Laakso, Ilkka and Giaccone, Luca and Joseph, Wout and Rashed, Essam A. and Kainz, Wolfgang and Chen, Ji},
    title = {Assessment of Human Exposure to Electromagnetic Fields: Review and Future Directions},
    year = {2021},
    journal = {IEEE Transactions on Electromagnetic Compatibility},
    volume = {63},
    number = {5},
    pages = {1619-1630},
    doi = {10.1109/TEMC.2021.3109249},
}

@article{Diao2021Effect,
    author = {Diao, Yinliang and Li, Kun and Sasaki, Kensuke and Kodera, Sachiko and Laakso, Ilkka and Hajj, Walid El and Hirata, Akimasa},
    title = {Effect of Incidence Angle on the Spatial-Average of Incident Power Density Definition to Correlate Skin Temperature Rise for Millimeter Wave Exposures},
    year = {2021},
    journal = {IEEE Transactions on Electromagnetic Compatibility},
    volume = {63},
    number = {5},
    pages = {1709-1716},
    doi = {10.1109/TEMC.2021.3098594},
}

@article{Hirata2021Human,
    author={Hirata, Akimasa and Kodera, Sachiko and Sasaki, Kensuke and Gomez-Tames, Jose and Laakso, Ilkka and Wood, Andrew and Watanabe, Soichi and Foster, Kenneth R.},
    title = {Human exposure to radio-frequency energy above 6 {GHz}: {review} of computational dosimetry studies},
    year = {2021},
    journal = {Physics in medicine \& biology},
    volume = {66},
    number = {8},
    pages = {08TR01},
    doi = {10.1088/1361-6560/abf1b7},
}

@article{Li2021Intercomparison,
    author = {Li, Kun and Diao, Yinliang and Sasaki, Kensuke and Prokop, Alexander and Poljak, Dragan and Doric, Vicko and Xi, Jingtian and Kodera, Sachiko and Hirata, Akimasa and Hajj, Walid El},
    title = {Intercomparison of Calculated Incident Power Density and Temperature Rise for Exposure From Different Antennas at 10--90 {GHz}},
    year = {2021},
    journal = {IEEE Access},
    volume = {9},
    number={},
    pages = {151654-151666},
    doi = {10.1109/ACCESS.2021.3126738},
}

@article{IEEE2021Guide,
    author = {},
    title = {{IEEE} Guide for the Definition of Incident Power Density to Correlate Surface Temperature Elevation},
    year = {2021},
    journal = {IEEE Std 2889-2021},
    volume = {},
    number = {},
    pages = {1-152},
    doi = {10.1109/IEEESTD.2021.9650810},
}

@inproceedings{Kapetanovic2021Application,
    author = {L. Kapetanović, Ante and Poljak, Dragan},
    title = {Application of Automatic Differentiation in Electromagnetic Dosimetry -- {Assessment} of the Absorbed Power Density in the {mmWave} Frequency Spectrum},
    year = {2021},
    booktitle = {6th International Conference on Smart and Sustainable Technologies},
    pages = {1-6},
    doi = {10.23919/SpliTech52315.2021.9566429},
}

@article{Sacco2022Exposure,
    author={Sacco, Giulia and Haider, Zain and Zhadobov, Maxim},
    title={Exposure Levels Induced in Curved Body Parts at {mmWaves}},
    year={2022},
    journal={IEEE Journal of Electromagnetics, RF and Microwaves in Medicine and Biology},
    volume={early access},
    number={},
    pages={1-7},
    doi={10.1109/JERM.2022.3178604},
}

@article{Kapetanovic2022Assessment,
    author={L. Kapetanović, Ante and Sacco, Giulia and Poljak, Dragan and Zhadobov, Maxim},
    title={Assessment of Area-Average Absorbed Power Density on Realistic Tissue Models at {mmWaves}},
    year={2022},
    booktitle={2022 IEEE MTT-S International Microwave Biomedical Conference (IMBioC)},
    volume={},
    number={},
    pages={153-155},  doi={10.1109/IMBioC52515.2022.9790150},
}

@ARTICLE{Kapetanovic2022AssessmentTEMC,
    author={L. Kapetanović, Ante and Poljak, Dragan},
    title={Assessment of Incident Power Density on Spherical Head Model up to 100 {GHz}},
    year={2022},
    journal={IEEE Transactions on Electromagnetic Compatibility},
    volume={early access},
    number={},
    pages={1-8},
    doi={10.1109/TEMC.2022.3183071},
}

@ARTICLE{Taguchi2022Computation,
    author={Taguchi, Kenji and Kodera, Sachiko and Hirata, Akimasa and Kashiwa, Tatsuya},
    journal={IEEE Journal of Electromagnetics, RF and Microwaves in Medicine and Biology},
    title={Computation of Absorbed Power Densities in High-Resolution Head Models by Considering Skin Thickness in Quasi-Millimeter and Millimeter Wave Bands},
    year={2022},
    volume={6},  number={4},  pages={516-523},
    doi={10.1109/JERM.2022.3203576}
    }

@article{Mayrovitz2010Spatial,
    author = {Mayrovitz, Harvey N. and Luis, Michelle},
    title = {Spatial variations in forearm skin tissue dielectric constant},
    journal = {Skin Research and Technology},
    volume = {16},
    number = {4},
    pages = {438-443},
    doi = {10.1111/j.1600-0846.2010.00456.x},
    year = {2010}
}

@book{Krylov1962Approximate,
    author = {Krylov, V. I. and Stroud, A. H.},
    title = {Approximate Calculation of Integrals},
    year = {1962},
    publisher = {Macmillan},
    pages = {1-357},
    isbn = {978-0486445793} 
}

@article{Dunavant1985High,
    author = {Dunavant, D. A.},
    title = {High degree efficient symmetrical {Gaussian} quadrature rules for the triangle},
    journal = {International Journal for Numerical Methods in Engineering},
    volume = {21},
    number = {6},
    pages = {1129-1148},
    doi = {10.1002/nme.1620210612},
    year = {1985}
}

@article{Dunavant1985Economical,
    author = {Dunavant, D. A.},
    title = {Economical symmetrical quadrature rules for complete polynomials over a square domain},
    journal = {International Journal for Numerical Methods in Engineering},
    volume = {21},
    number = {10},
    pages = {1777-1784},
    doi = {10.1002/nme.1620211004},
    year = {1985}
}

@article{Lebedev1976Quadratures,
    author = {V.I. Lebedev},
    title = {Quadratures on a sphere},
    journal = {USSR Computational Mathematics and Mathematical Physics},
    volume = {16},
    number = {2},
    pages = {10-24},
    year = {1976},
    doi = {10.1016/0041-5553(76)90100-2},
}

@misc{Wang2014Designing,
  doi = {10.48550/ARXIV.1411.4958},
  author = {Wang, Xiaolong and Fouhey, David F. and Gupta, Abhinav},
  title = {Designing Deep Networks for Surface Normal Estimation},
  publisher = {arXiv},
  year = {2014},
}

@INPROCEEDINGS{Charles2017PointNet,
    author={Charles, R. Qi and Su, Hao and Kaichun, Mo and Guibas, Leonidas J.},
    booktitle={2017 IEEE Conference on Computer Vision and Pattern Recognition (CVPR)},
    title={{PointNet}: Deep Learning on Point Sets for {3D} Classification and Segmentation},
    year={2017},
    volume={},
    number={},
    pages={77-85},  doi={10.1109/CVPR.2017.16}}

@INPROCEEDINGS{Qi2018GeoNet,
    author={Qi, Xiaojuan and Liao, Renjie and Liu, Zhengzhe and Urtasun, Raquel and Jia, Jiaya},
    booktitle={2018 IEEE/CVF Conference on Computer Vision and Pattern Recognition},
    title={{GeoNet}: Geometric Neural Network for Joint Depth and Surface Normal Estimation},
    year={2018},
    volume={},
    number={},
    pages={283-291},  doi={10.1109/CVPR.2018.00037}}


@ARTICLE{Cujia2022Experimental,
    author={Cujia, Kristian S. and Fallahi, Arya and Fallahi, Arya and Reboux, Sylvain and Kuster, Niels and Kuster, Niels},
    journal={IEEE Transactions on Antennas and Propagation},
    title={Experimental Exposure Evaluation from the Very Close Near-to the Far-Field using a Multiple-Multipole Source Reconstruction Algorithm},
    year={2022},  volume={early access},  number={},  pages={1-12},  doi={10.1109/TAP.2022.3177564}}

@online{arpansa2022ionizing,
  author = {{Australian Radiation Protection and Nuclear Safety Agency (ARPANSA)}},
  title = {What is Ionizing Radiation?},
  year = 2022,
  url = {https://www.arpansa.gov.au/understanding-radiation/what-is-radiation/ionising-radiation},
  urldate = {2022-12-14}
}

@online{WHO2022Health,
    author = {{World Health Organization (WHO)}},
    title = {Constitution of the {World Health Organization} -- {Preamble}},
    year = 2022,
    url = {https://www.who.int/about/governance/constitution},
    urldate = {2022-12-14}
}

@article{Bulletin1999QuestionsAA,
  title={Questions and Answers about Biological Effects and Potential Hazards of Radio-frequency Electromagnetic Fields},
  author={Robert F. Cleveland and Jerry L. Ulcek},
  journal={Federal Communication Commission, Office of Engineering and Technology Bulletin},
  volume={56},
  year={1999}
}

@article{ICNIRP2020Principles,
  title={Principles for Non-Ionizing Radiation Protection},
  author={{International Commission on Non-Ionizing Radiation Protection (ICNIRP)}},
  journal={Health Physics},
  volume={118},
  number={5},
  pages = {477-482},
  year={2020}, 
  doi = {10.1097/HP.0000000000001252}
}

@article{Frey1962Human,
    author = {Frey, Allan H.},
    title = {Human auditory system response to modulated electromagnetic energy},
    journal = {Journal of Applied Physiology},
    volume = {17},
    number = {4},
    pages = {689-692},
    year = {1962},
    doi = {10.1152/jappl.1962.17.4.689},
}

@article{Lövsund1980Magnetophosphenes,
    author = {Lövsund, P. and Öberg, P. Å. and Nilsson, S. E. G. and Reuter, T.},
    title = {Magnetophosphenes: a quantitative analysis of thresholds},
    journal = {Medical and Biological Engineering and Computing},
    volume = {18},
    number = {3},
    pages = {326-334},
    year = {1980},
    doi = {10.1007/BF02443387},
}

@article{Saunders2007neurobiological,
    author = {Saunders, R.D. and Jefferys, J.G.},
    title = {A neurobiological basis for {ELF} guidelines},
    journal = {Health Physcis},
    volume = {92},
    number = {6},
    pages = {596-603},
    year = {2007},
    doi = {10.1097/01.HP.0000257856.83294.3e},
}

@article{Romanenko2017interaction,
    author = {Romanenko, Sergii  and Begley, Ryan  and Harvey, Alan R.  and Hool, Livia  and Wallace, Vincent P.},
    title = {The interaction between electromagnetic fields at megahertz, gigahertz and terahertz frequencies with cells, tissues and organisms: risks and potential},
    journal = {Journal of The Royal Society Interface},
    volume = {14},
    number = {137},
    pages = {20170585},
    year = {2017},
    doi = {10.1098/rsif.2017.0585},
}

@article{Joshi2010Critical,
    author = {Joshi, R.P. and Schoenbach, K.H.},
    title = {Bioelectric effects of intense ultrashort pulses},
    journal = {Critical Reviews™ in Biomedical Engineering},
    volume = {38},
    number = {3},
    pages = {255-304},
    year = {2010},
    doi = {10.1615/critrevbiomedeng.v38.i3.20},
}

@article{Fröhlich1968Long,
    author = {Fröhlich, H.},
    title = {Long-range coherence and energy storage in biological systems},
    journal = {International Journal of Quantum Chemistry},
    volume = {2},
    number = {5},
    pages = {641-649},
    doi = {10.1002/qua.560020505},
    year = {1968}
}

@article{Pakhomov1998Current,
    author = {A. G. Pakhomov  and Y. Akyel and O. N. Pakhomova and B. E. Stuck and M. R. Murphy},
    title = {Current state and implications of research on biological effects of millimeter waves: a review of the literature},
    journal = {Bioelectromagnetics},
    volume = {19},
    number = {7},
    pages = {393-413},
    doi = {10.1002/(sici)1521-186x(1998)19:7<393::aid-bem1>3.0.co;2-x},
    year = {1998}
}

@InProceedings{Ziskin2006Physiological,
    author = {Ziskin, Marvin},
    year = {2006},
    pages = {241-251},
    title = {Physiological mechanisms underlying millimeter wave therapy},
    isbn = {978-1402042768},
    editor = {Ayrapetyan, Sinerik N. and Markov, Marko S.},
    booktitle = {Bioelectromagnetics Current Concepts},
    publisher={Springer}
}

@report{DInzeo200dDeliverable,
    author={D'Inzeo, G.},
    title={Deliverable Report {D41}: Reports on theoretical mechanisms and their plausibility, including experimental/epidemiological evidence, computer models and explicit evaluation of contrary arguments},
    year={2009},
    }


@article{Swicord2008Has,
    author = {Swicord, Mays and Balzano, Q.},
    year = {2008},
    pages = {1638 - 1649},
    title = {Has Electromagnetic Energy in the Band 0.1--100 {GHz} Useful Medical Applications? {A} Review of Mechanisms and Biological Database Offers Dim Prospects},
    volume = {36},
    journal = {IEEE Transactions on Plasma Science},
    doi = {10.1109/TPS.2008.927165}
}

@article{Heuvel2017independent,
    author = {Anne M. J. van den Heuvel and Benjamin J. Haberley and David J. R. Hoyle and Nigel A. S. Taylor and Rodney J. Croft},
    year = {2017},
    pages = {1025-1037},
    title = {The independent influences of heat strain and dehydration upon cognition},
    volume = {117},
    issue = {5},
    journal = {European journal of applied physiology},
    doi = {10.1007/s00421-017-3592-2}
}

@article{Hirata2013relationship,
    author = {Akimasa Hirata and Ilkka Laakso and Takuya Oizumi and Ryuto Hanatani and Kwok Hung Chan and Joe Wiart},
    title = {The relationship between specific absorption rate and temperature elevation in anatomically based human body models for plane wave exposure from 30 {MHz} to 6 {GHz}},
    year = {2013},
    journal = {Physics in medicine \& biology},
    volume = {54},
    issue = {4},
    pages = {903-921},
    doi = {10.1088/0031-9155/58/4/903 }
}

@article{Sasaki2017Monte,
    author = {Kensuke Sasaki and Maya Mizuno and Kanako Wake and Soichi Watanabe},
    title = {Monte {Carlo} simulations of skin exposure to electromagnetic field from 10 {GHz} to 1 {THz}},
    year = {2017},
    journal = {Physics in medicine \& biology},
    volume = {62},
    issue = {17},
    pages = {6993-7010},
    doi = {10.1088/1361-6560/aa81fc}
}

@article{Walters2000Heating,
    author = {T. J. Walters and D. W. Blick and L. R. Johnson and E. R. Adair and K R Foster},
    title = {Heating and pain sensation produced in human skin by millimeter waves: comparison to a simple thermal model},
    year = {2000},
    journal = {Health Physics},
    volume = {78},
    issue = {3},
    pages = {259-267},
    doi = {10.1097/00004032-200003000-00003}
}

@article{Dewhirst2003Basic,
    author = {M. W. Dewhirst and B. L. Viglianti and M. Lora-Michiels and M. Hanson and P. J. Hoopes},
    title = {Basic principles of thermal dosimetry and thermal thresholds for tissue damage from hyperthermia},
    journal = {International Journal of Hyperthermia},
    volume = {19},
    number = {3},
    pages = {267-294},
    year  = {2003},
    doi = {10.1080/0265673031000119006},
}

@article{Laakso2017Human,
    doi = {10.1088/1361-6560/aa81fe},
    year = {2017},
    volume = {62},
    number = {17},
    pages = {6980},
    author = {Ilkka Laakso and Ryota Morimoto and Juhani Heinonen and Kari Jokela and Akimasa Hirata},
    title = {Human exposure to pulsed fields in the frequency range from 6 to 100 {GHz}},
    journal = {Physics in Medicine \& Biology},
}

@article{Kodera2018Brief,
    author={Kodera, Sachiko and Hirata, Akimasa and Funahashi, Daisuke and Watanabe, Soichi and Jokela, Kari and Croft, Rodney J.}, 
    journal={IEEE Access},
    title={Temperature Rise for Brief Radio-Frequency Exposure Below 6 {GHz}},
    year={2018},
    volume={6},  number={},
    pages={65737-65746},  doi={10.1109/ACCESS.2018.2878149}
    }

@article{Foster2022Three,
    author = {Foster, Kenneth R. and Ziskin, Marvin C. and Balzano, Quirino},
    title = {Three Quarters of a Century of Research on RF Exposure Assessment and Dosimetry—What Have We Learned?},
    journal = {International Journal of Environmental Research and Public Health},
    volume = {19},
    number = {4},
    year = {2022},
    article-number = {2067},
    DOI = {10.3390/ijerph19042067}
}

@book{Kovacs1945Electrotherapy,
    author = {Richard Kovacs},
    title = {Electrotherapy \& Light Therapy, 5th edition},
    year = {1945},
    publisher = {Lea \& Febiger},
}

@Inbook{Lin1994Early,
    author={Lin, James C.},
    editor={Lin, James C.},
    title={Early Contributions to Electromagnetic Fields in Living Systems},
    bookTitle={Advances in Electromagnetic Fields in Living Systems},
    year={1994},
    publisher={Springer},
    pages={1-25},
    isbn={978-1461525424},
}

@ARTICLE{Guy1971Analyses,
    author={Guy, A.W.},
    journal={IEEE Transactions on Microwave Theory and Techniques},
    title={Analyses of Electromagnetic Fields Induced in Biological Tissues by Thermographic Studies on Equivalent Phantom Models},
    year={1971},
    volume={19},
    number={2},
    pages={205-214},
    doi={10.1109/TMTT.1968.1127484}
}

@article{Tell1976Measurement,
    author={Tell, R.A.},
    journal={U.S. EPA Report ORP/EAD-76-2},
    title={A Measurement of RF Field Intensities in the Immediate Vicinity of an FM Broadcast Station Antenna},
    year={1976},
    volume={},
    number={},
    pages={},
}

@article{Jalilian2019Public,
    title = {Public exposure to radiofrequency electromagnetic fields in everyday microenvironments: An updated systematic review for {Europe}},
    journal = {Environmental Research},
    volume = {176},
    pages = {108517},
    year = {2019},
    doi = {10.1016/j.envres.2019.05.048},
    author = {Hamed Jalilian and Marloes Eeftens and Mansour Ziaei and Martin Röösli},
}


@article{Repacholi2017history,
    title = {A History of the {International Commission on Non-Ionizing Radiation Protection}},
    journal = {Health Physics},
    volume = {113},
    number = {4},
    pages = {282-300},
    year = {2017},
    doi = {10.1097/HP.0000000000000699},
    author = {Repacholi, M.H.},
}

@article{Roach2009Radiofrequency,
    author = {W. P. Roach},
    title = {Radio-frequency Radiation Dosimetry Handbook, 5th edition},
    year = {2009},
    journal = {Air Force Research Lab Brooks Air Force Base TX Human Effectiveness Directorate: San Antonio, TX, USA},
}

@Article{Simkó20195G,
    AUTHOR = {Simkó, Myrtill and Mattsson, Mats-Olof},
    TITLE = {{5G} Wireless Communication and Health Effects -- {A} Pragmatic Review Based on Available Studies Regarding 6 to 100 {GHz}},
    JOURNAL = {International Journal of Environmental Research and Public Health},
    VOLUME = {16},
    YEAR = {2019},
    NUMBER = {18},
    ARTICLE-NUMBER = {3406},
    DOI = {10.3390/ijerph16183406}
}

@ARTICLE{Sullivan1987Use,
    author={Sullivan, Dennis M. and Borup, David T. and Gandhi, Om P.},
    journal={IEEE Transactions on Biomedical Engineering},
    title={Use of the Finite-Difference Time-Domain Method in Calculating EM Absorption in Human Tissues},
    year={1987},
    volume={BME-34},
    number={2},
    pages={148-157},
    doi={10.1109/TBME.1987.326039}
}

@article{Hirata2009correlation,
    doi = {10.1088/0031-9155/54/23/013},
    year = {2009},
    volume = {54},
    number = {23},
    pages = {7227},
    author = {Akimasa Hirata and Osamu Fujiwara},
    title = {The correlation between mass-averaged {SAR} and temperature elevation in the human head model exposed to {RF} near-fields from 1 to 6 {GHz}},
    journal = {Physics in Medicine \& Biology}
}

@article{Chou1996Radio,
    author = {Chou, C.K. and Bassen, H. and Osepchuk, J. and Balzano, Q. and Petersen, R. and Meltz, M. and Cleveland, R. and Lin, J.C. and Heynick, L.},
    title = {Radio frequency electromagnetic exposure: Tutorial review on experimental dosimetry},
    journal = {Bioelectromagnetics},
    volume = {17},
    number = {3},
    pages = {195-208},
    doi = {10.1002/(SICI)1521-186X(1996)17:3<195::AID-BEM5>3.0.CO;2-Z},
    year = {1996}
}

@INPROCEEDINGS{Hirata2020Difference,
    author={Hirata, Akimasa and Kodera, Sachiko},
    booktitle={2020 International Symposium on Electromagnetic Compatibility - EMC EUROPE},
    title={Difference of {ICNIRP} Guidelines and {IEEE C95.1} Standard for Human Protection from Radio-Frequency Exposures},
    year={2020},  volume={},  number={},  pages={1-5}, 
    doi={10.1109/EMCEUROPE48519.2020.9245744}
}

@ARTICLE{Miura2021Power,
    author={Miura, Norika and Kodera, Sachiko and Diao, Yinliang and Higashiyama, Junji and Suzuki, Yasunori and Hirata, Akimasa},
    journal={IEEE Access},
    title={Power Absorption and Skin Temperature Rise From Simultaneous Near-Field Exposure at 2 and 28 {GHz}},
    year={2021},
    volume={9},
    number={},
    pages={152140-152149},
    doi={10.1109/ACCESS.2021.3126372}
}

@article{Chou1975Effects,
    author = {Chou, C-K},
    year = {1975},
    pages = {122},
    title = {The Effects of Electromagnetic Fields on The Nervous System},
    journal = {Ph.D. Dissertation, Department of Electrical Engineering, College of Engineering, University of Washington, Seattle, DC, USA}
}

@ARTICLE{Hirata2006Correlation,
    author={Hirata, A. and Fujiwara, O. and Shiozawa, T.},
    journal={IEEE Transactions on Biomedical Engineering},
    title={Correlation Between Peak Spatial-Average {SAR} and Temperature Increase Due to Antennas Attached to Human Trunk},
    year={2006},  volume={53},  number={8},  pages={1658-1664},  
    doi={10.1109/TBME.2006.877798}}

@article{McIntosh2011SAR,
    author = {McIntosh, Robert L. and Anderson, Vitas},
    title = {{SAR} versus {VAR}, and the size and shape that provide the most appropriate {RF} exposure metric in the range of 0.5--6 {GHz}},
    journal = {Bioelectromagnetics},
    volume = {32},
    number = {4},
    pages = {312-321},
    doi = {10.1002/bem.20642},
    year = {2011}
}

@article{Hirata2008FDTD,
    doi = {10.1088/0031-9155/53/18/025},
    year = {2008},
    volume = {53},
    number = {18},
    pages = {5223},
    author = {Akimasa Hirata and Takayuki Asano and Osamu Fujiwara},
    title = {{FDTD} analysis of body-core temperature elevation in children and adults for whole-body exposure},
    journal = {Physics in Medicine \& Biology},
}

@article{Nelson2013High,
    doi = {10.1088/0031-9155/58/6/1947},
    year = {2013},
    journal = {Physics in Medicine \& Biology},
    volume = {58},
    number = {6},
    pages = {1947},
    author = {David A Nelson and Allen R Curran and Hans A Nyberg and Eric A Marttila and Patrick A Mason and John M Ziriax},
    title = {High-resolution simulations of the thermophysiological effects of human exposure to 100 {MHz} {RF} energy},
}

@article{Adair2003Thermoregulatory,
    author = {Adair, Eleanor R. and Black, David R.},
    title = {Thermoregulatory responses to {RF} energy absorption},
    journal = {Bioelectromagnetics},
    volume = {24},
    number = {6},
    pages = {17-38},
    doi = {10.1002/bem.10133},
    year = {2003}
}

@article{Morimoto2017Time,
    doi = {10.1088/1361-6560/aa5251},
    year = {2017},
    volume = {62},
    number = {5},
    pages = {1676},
    author = {Ryota Morimoto and Akimasa Hirata and Ilkka Laakso and Marvin C Ziskin and Kenneth R Foster},
    title = {Time constants for temperature elevation in human models exposed to dipole antennas and beams in the frequency range from 1 to 30 {GHz}},
    journal = {Physics in Medicine \& Biology},
}

@article{ICNIRP1998Guidlines,
    year = {1998},
    volume = {75},
    number = {4},
    pages = {494-522},
    author = {{International Commission on Non-Ionizing Radiation Protection (ICNIRP)}},
    title = {Guidelines for limiting exposure to time-varying electric, magnetic, and electromagnetic fields (up to 300 {GHz})},
    journal = {Health Physics},
}

@article{IEEE2005Standard,  
    author = {},
    title = {{IEEE} Standard for Safety Levels with Respect to Human Exposure to Electric, Magnetic, and Electromagnetic Fields, 0 {Hz} to 300 {GHz}},
    year = {2005},
    journal = {IEEE Std C95.1-2005 (Revision of IEEE Std C95.1-1991)},
    pages = {1-238},
    doi={10.1109/IEEESTD.2006.99501},
}

@ARTICLE{Colombi2015,
    author={Colombi, D. and Thors, B. and Törnevik, C.},
    journal={IEEE Antennas and Wireless Propagation Letters},
    title={Implications of EMF Exposure Limits on Output Power Levels for {5G} Devices Above 6 {GHz}},
    year={2015},  volume={14},  number={},  pages={1247-1249}, 
    doi={10.1109/LAWP.2015.2400331}
}

@INPROCEEDINGS{Wu2015human,
    author={Wu, Ting and Rappaport, Theodore S. and Collins, Christopher M.},
    booktitle={2015 IEEE International Conference on Communications (ICC)},
    title={The human body and millimeter-wave wireless communication systems: Interactions and implications},
    year={2015},  volume={},  number={},  pages={2423-2429},  doi={10.1109/ICC.2015.7248688}
}

@article{Sasaki2014Measurement,
    doi = {10.1088/0031-9155/59/16/4739},
    year = {2014},
    volume = {59},
    number = {16},
    pages = {4739},
    author = {K Sasaki and K Wake and S Watanabe},
    title = {Measurement of the dielectric properties of the epidermis and dermis at frequencies from 0.5 {GHz} to 110 {GHz}},
    journal = {Physics in Medicine \& Biology},
}

@article{Morimoto2016Relationship,
    doi = {10.1088/0031-9155/61/14/5406},
    year = {2016},
    volume = {61},
    number = {14},
    pages = {5406},
    author = {Ryota Morimoto and Ilkka Laakso and Valerio De Santis and Akimasa Hirata},
    title = {Relationship between peak spatial-averaged specific absorption rate and peak temperature elevation in human head in frequency range of 1--30 {GHz}},
    journal = {Physics in Medicine \& Biology},
}

@ARTICLE{Kuster1992Energy,
    author={Kuster, N. and Balzano, Q.},
    journal={IEEE Transactions on Vehicular Technology},
    title={Energy absorption mechanism by biological bodies in the near field of dipole antennas above 300 {MHz}},
    year={1992},
    volume={41},
    number={1},
    pages={17-23},
    doi={10.1109/25.120141}
}

@article{Snyder1979Report,
    author = {W. S. Snyder and M. J. Cook and E.S. Nasset and L. R. Karhausen and G. Parry Howells and I. H. Tipton},
    title ={Report of the task group on reference man},
    journal = {Annals of the ICRP},
    volume = {3},
    number = {23},
    year = {1979},
    doi = {10.1016/0146-6453(79)90123-4},
}

@ARTICLE{IEEE1999Standard,
    author={},
    journal={IEEE Std C95.1-1999 (Revision of IEEE Std C95.1-1991)},
    title={{IEEE} Standard for Safety Levels with Respect to Human Exposure to Radio Frequency Electromagnetic Fields, 3 {kHz} to 300 {GHz}},
    year={1999},  volume={},  number={},
    pages={1-83},
    doi={10.1109/IEEESTD.1999.89423}
}

@ARTICLE{Hirata2000Temperature,
    author={Hirata, A. and Matsuyama, S.-I. and Shiozawa, T.},
    journal={IEEE Transactions on Electromagnetic Compatibility},
    title={Temperature rises in the human eye exposed to {EM} waves in the frequency range 0.6--6 {GHz}},
    year={2000},
    volume={42},
    number={4},
    pages={386-393},
    doi={10.1109/15.902308}
    }
    
@article{Pennes1948Analysis,
    author = {Pennes, Harry H.},
    title = {Analysis of Tissue and Arterial Blood Temperatures in the Resting Human Forearm},
    journal = {Journal of Applied Physiology},
    volume = {1},
    number = {2},
    pages = {93-122},
    year = {1948},
    doi = {10.1152/jappl.1948.1.2.93},
}

@article{Ulcek1997Evaluating,
  title={Evaluating Compliance with {FCC} Guidelines for Human Exposure to Radiofrequency Electromagnetic Fields},
  author={Jerry L. Ulcek and Robert F. Cleveland},
  journal={Federal Communication Commission, Office of Engineering and Technology Bulletin},
  volume={65},
  year={1997}
}

@ARTICLE{Faraone2000Estimation,
    author={Faraone, A. and Roger Yew-Siow Tay and Joyner, K.H. and Balzano, Q.},
    journal={IEEE Transactions on Vehicular Technology},
    title={Estimation of the average power density in the vicinity of cellular base-station collinear array antennas},
    year={2000},
    volume={49},  number={3},  pages={984-996},
    doi={10.1109/25.845115}
}

@ARTICLE{Anderson2010SAR,
    author={Anderson, Vitas and Croft, Rodney and McIntosh, Robert L.},
    journal={Bioelectromagnetics},
    title={{SAR versus S\textsubscript{inc}: What is the appropriate RF exposure metric in the range 1--10 GHz? Part I: Using planar body models}},
    year={2010},
    volume={31},  number={6},  pages={454-466},
    doi={10.1002/bem.20578}
}

@article{McIntosh2010SAR,
    author = {McIntosh, Robert L. and Anderson, Vitas},
    title = {{SAR versus S\textsubscript{inc}: What is the appropriate RF exposure metric in the range 1-10 GHz? Part II: Using complex human body models}},
    journal = {Bioelectromagnetics},
    volume = {31},
    number = {6},
    pages = {467-478},
    doi = {10.100/bem.20574},
    year = {2010}
}

@ARTICLE{Thors2016Exposure,
    author={Thors, Björn and Colombi, Davide and Ying, Zhinong and Bolin, Thomas and Törnevik, Christer},
    journal={IEEE Access},
    title={Exposure to {RF EMF} From Array Antennas in {5G} Mobile Communication Equipment},
    year={2016},  volume={4},  number={},  pages={7469-7478},  doi={10.1109/ACCESS.2016.2601145}
    }

@INPROCEEDINGS{Xu2017Understanding,
    author={Xu, Bo and Zhao, Kun and He, Sailing and Ying, Zhinong},  booktitle={2017 International Workshop on Antenna Technology: Small Antennas, Innovative Structures, and Applications (iWAT)},
    title={Understandings of maximum spatially-averaged power density in {5G RF EMF} exposure study},
    year={2017},  volume={},  number={},  pages={115-117},  doi={10.1109/IWAT.2017.7915332}
    }

@INPROCEEDINGS{Christ2018Thermal,
    author={Christ, Andreas and Colombi, Davide and Joyner, Ken},  booktitle={12th European Conference on Antennas and Propagation (EuCAP 2018)},
    title={Thermal modeling of the near-field exposure from wireless {5G} devices},
    year={2018},
    volume={},  number={},  pages={1-4},
    doi={10.1049/cp.2018.1087}
}

@ARTICLE{Hirata2003Temperature,
    author={Hirata, A. and Morita, M. and Shiozawa, T.},
    journal={IEEE Transactions on Electromagnetic Compatibility},
    title={Temperature increase in the human head due to a dipole antenna at microwave frequencies},
    year={2003},
    volume={45},  number={1},  pages={109-116},
    doi={10.1109/TEMC.2002.808045}
    }

@article{Li2019Relationship,
    doi = {10.1088/1361-6560/ab057a},
    year = {2019},
    publisher = {IOP Publishing},
    volume = {64},
    number = {6},
    pages = {065016},
    author = {Kun Li and Kensuke Sasaki and Soichi Watanabe and Hiroshi Shirai},
    title = {Relationship between power density and surface temperature elevation for human skin exposure to electromagnetic waves with oblique incidence angle from 6 {GHz} to 1 {THz}},
    journal = {Physics in Medicine \& Biology},
}

@ARTICLE{Li2021Quantitative,
    author={Li, Kun and Sasaki, Kensuke and Wake, Kanako and Onishi, Teruo and Watanabe, Soichi},
    journal={IEEE Access},
    title={Quantitative Comparison of Power Densities Related to Electromagnetic Near-Field Exposures With Safety Guidelines From 6 to 100 {GHz}},
    year={2021},
    volume={9},  number={},  pages={115801-115812},
    doi={10.1109/ACCESS.2021.3105608}
    }

@ARTICLE{DeSantis2022On,
    author={De Santis, Valerio and Francesco, Antonio Di and Bit-Babik, Giorgi and Roman, John and Hajj, Walid El},
    journal={IEEE Access},
    title={On the Correlation Between Incident Power Density and Temperature Increase for Exposures at Frequencies Above 6 {GHz}},
    year={2022},  volume={10},  number={},
    pages={82236-82245},
    doi={10.1109/ACCESS.2022.3195887}
    }

@article{Kapetanovic2022AssessmentJERM,
    author={L. Kapetanović, Ante and Sacco, Giulia and Poljak, Dragan and Zhadobov, Maxim},
    journal={IEEE Journal of Electromagnetics, RF and Microwaves in Medicine and Biology},
    title={Area-Averaged Transmitted and Absorbed Power Density on a Realistic Ear Model},
    year={2022},  volume={early access},  number={},  pages={1-7},
    doi={10.1109/JERM.2022.3225380}
}

@article{Morimoto2022Assessment,
    doi = {10.1088/1361-6560/ac994d},
    year = {2022},
    volume = {67},
    number = {21},
    pages = {215014},
    author = {Ryota Morimoto and Akimasa Hirata},
    title = {Assessment of incident power density in different shapes of averaging area for radio-frequency exposure above 6 {GHz}},
    journal = {Physics in Medicine \& Biology},
}

@techreport{IEC2018,
    type = {Technical Report},
    key = {IEC TR 63170:2018},
    year = {2018},
    title = {Measurement procedure for the evaluation of power density related to human exposure to radio frequency fields from wireless communication devices operating between 6 {GHz} and 100 {GHz}},
    volume = {1.0},
    institution = {IEEE International Electrotechnical Commission TC 106}
}

@techreport{IEC2022part1,
    type = {International Standard},
    key = {IEC/IEEE 63195-1:2022},
    year = {2022},
    title = {Assessment of power density of human exposure to radio frequency fields from wireless devices in close proximity to the head and body (frequency range of 6 {GHz} to 300 {GHz}) - {Part} 1: {Measurement} procedure},
    volume = {1.0},
    institution = {IEEE International Electrotechnical Commission TC 106}
}

@techreport{IEC2022part2,
    type = {International Standard},
    key = {IEC/IEEE 63195-2:2022},
    year = {2022},
    title = {Assessment of power density of human exposure to radio frequency fields from wireless devices in close proximity to the head and body (frequency range of 6 {GHz} to 300 {GHz}) - {Part} 2: {Computational} procedure},
    volume = {1.0},
    institution = {IEEE International Electrotechnical Commission TC 106}
}

@article{ICNIRP2013Guidelines,
    author = {{International Commission on Non-Ionizing Radiation Protection (ICNIRP)}},
    title = {Guidelines on Limits of Exposure to Laser Radiation of Wavelengths between 180 nm and 1,000 $\mu$m},
    year = {2013},
    journal = {Health Physics},
    volume = {105},
    issue = {3},
    pages = {271-295},
    doi = {10.1097/HP.0b013e3182983fd4},
}
